
\begin{thebibliography}

@article{Kiefer,
          author = "J. Kiefer",
          title = "Sequential minimax search for a maximum",
          year = "1953",
          journal = "Proceedings of the American Mathmatical Society",
          volume = "4",
          pages = "502--506"}

@article{Lander,
	 author = "E. S. Lander and  D. Botstein",
          title = "Mapping {M}endelian factors underlying quantitative traits using {RFLP} linkage maps",
          year = "1989",
          journal = "Genetics",
          volume = "121",
          pages = "185--199"}

@article{Broman,
	 author = "K. W. Broman and H. Wu and S. Sen and G. A. Churchill",
          title = "R/qtl: {QTL} mapping in experimental crosses",
          year = "2003",
          journal = "Bioinformatics",
          volume = "19",
          pages = "889--890"}


@book{bromanbook,
	 author = "K. W. Broman  and S. Sen",
          title = "A guide to QTL mapping with R/qtl",
          year = "2009",
          publisher = "Springer" }


@article{jiang,
	 author = "C. Jiang and Z. B. Zeng",
          title = "Mapping quantitative trait loci with dominant and missing markers in various crosses from two inbred lines",
          year = "1997",
          journal = "Gentica",
          volume = "101",
          pages = "47--58"}

@book{Bulmer,
	 author = "M. G. Bulmer",
          title = "The Mathmatical Theory of Quantitative Genetics",
          year = "1985",
          publisher = "Oxford University Press" }

@article{Tanks,
author = "S. D. Tanksley and J. C. Nelson",
title = "Advanced backcross {QTL} analysis: a method for the simultaneous discovery and transfer of valuable {QTLs} from unadapted germplasm into elite breeding lines",
year = "1996",
journal= "Theoretical and Applied Genetics",
volume= "92",
pages="191--203"}

@article{Sib,
author = "C. Xie and D. D. G. Gessler and S. Xu",
title = "Sib mating designs for quantitative trait loci",
year = "1998",
journal="Genetica",
volume="104",
pages="9--19"}

@article{Darvasi,
author = "A. Darvasi and M. Soller",
title = "Advanced intercrossing lines, an experimental population for fine genetic mapping",
year = "1995",
journal="Genetics",
volume="141",
pages="1199--1207"}

@article{fly,
author = "E. G. King  and S. J. Macdonald and A. D. Long",
title = "Properties and power of the {D}rosophilia {S}ynthetic {P}opulation {R}esource for the routine dissection of complex traits",
year = "2012",
journal="Genetics",
volume ="191",
pages="935--949"}

@article{Collard,
author = "B. C. Y. Collard and M. Z. Z. Jahufer and J. B. Brouwer and E. C. K. Pang",
title = "An introduction to markers, quantitative trait loci ({QTL}) mapping and marker-assisted selection for crop improvement: the basic concepts",
year = "2005",
journal="Euphytica",
volume="142",
pages="169--196"}

\end{thebibliography}
